%%%%%%%%%%%%%%%%%%%%%%%%%%%%%%%%%%VARIABLES%%%%%%%%%%%%%%%%%%%%%%%%%%%%%
%
%
%%%%%%%%%%%%%%%%%%%%%%%%%%%%%%%%%%BIBLIOGRAPHY%%%%%%%%%%%%%%%%%%%%%%%%%%
@BOOK{Bertino93,
  AUTHOR =       "E. Bertino and L. Martino",
  TITLE =        "Object Oriented Database Systems: Concepts and Architectures",
  PUBLISHER =    "Adison-Wesley Publishing Company, Inc.",
  YEAR =         "1993",
  address =      "Massachusetts, E.U.A.",}

@PHDTHESIS{Galante01,
  AUTHOR =       "Galante, Renata de M.",
  TITLE =        "Evolução de Esquemas em Bancos de Dados Orientados a Objetos com o emprego de versões",
  SCHOOL =       "Instituto de Informática-UFRGS",
  YEAR =         "2001",
  month =        "Junho",}

@ARTICLE{Mateos00,
  AUTHOR =       "Mateos, G. and García M., J and Ortín I., M",
  TITLE =        "Inclusión de Vistas en \textsc{ODMG}",
  JOURNAL =      "Jornadas de Ingeniería del Software y Bases de Datos {(JISBD 2000)}",
  YEAR =         "2000",
  pages =        "383-395",}
%-------------------------------------------------------------------------------------GERMAIN----------------------------------
 %conceptos de mineria visual de datos
@article{wong1999guest,
  title={Guest editor's introduction: Visual data mining},
  author={Wong, Pak Chung},
  journal={IEEE Computer Graphics and Applications},
  number={5},
  pages={20--21},
  year={1999},
  publisher={IEEE}
}

%clasificacion de los enfoques de la mineria visual de datos
@book{ankerst2001visual, 
  title={Visual data mining},
  author={Ankerst, Mihael},
  year={2001},
  publisher={Dissertation. de}
}

%conceptos de la visualizacion de informacion
@book{card1999readings, 
  title={Readings in information visualization: using vision to think},
  author={Card, Stuart K and Mackinlay, Jock D and Shneiderman, Ben},
  year={1999}, 	 	
  publisher={Morgan Kaufmann}
}

 %Algoritmo de reduccion de dimensionalidad pero con el objetivo de compresion de datos
@book{Kohonen2001SM,
 title = {Self-Organizing Maps},
 author = {Kohonen, T. and Schroeder, M. R. and Huang, T. S.},
 year = {2001},
 isbn = {3540679219},
 edition = {3rd},
 publisher = {Springer-Verlag New York, Inc.},
 address = {Secaucus, NJ, USA},
} 

%Preservación Topologica
@article{konig2000interactive, 
  title={Interactive visualization and analysis of hierarchical neural projections for data mining},
  author={K{\"o}nig, Andreas},
  journal={Neural Networks, IEEE Transactions on},
  volume={11},
  number={3},
  pages={615--624},
  year={2000},
  publisher={IEEE}
}

%INDICE DUNN
@misc{xu2009clustering, 
  title={Clustering (IEEE Press Series on Computational Intelligence)},
  author={Xu, R and Wunsch, DC},
  year={2009},
  publisher={IEEE Press, Wiley, NJ}
}

%visualizacines radiales
@article{draper2009survey, 
  title={A survey of radial methods for information visualization},
  author={Draper, Geoffrey M and Livnat, Yarden and Riesenfeld, Richard F},
  journal={Visualization and Computer Graphics, IEEE Transactions on},
  volume={15},
  number={5},
  pages={759--776},
  year={2009},
  publisher={IEEE}
}

%RADVIZ 
@INPROCEEDINGS{hoffman1997radviz, 
	author={Hoffman, P. and Grinstein, G. and Marx, K. and Grosse, I. and Stanley, E.}, 
	booktitle={Visualization '97., Proceedings}, 
	title={DNA visual and analytic data mining}, 
	year={1997}, 
	pages={437-441}, 
	month={Oct},
}

%VECTORIZED RADVIZ
@ARTICLE{sharko2008vrv, 
		author={Sharko, J. and Grinstein, G. and Marx, K.A.}, 
		journal={Visualization and Computer Graphics, IEEE Transactions on}, 
		title={Vectorized Radviz and Its Application to Multiple Cluster Datasets}, 
		year={2008}, 
		volume={14}, 
		number={6}, 
		pages={1444-1427}, 
		ISSN={1077-2626}, 
		month={Nov},
}

%particionmiento radviz voronoi
@INPROCEEDINGS{russell2012voronoi_radviz, 
		author={Russell, A. and Daniels, K. and Grinstein, G.}, 
		booktitle={Information Visualisation (IV), 2012 16th International Conference on}, 
		title={Voronoi Diagram Based Dimensional Anchor Assessment for Radial Visualizations}, 
		year={2012}, 
		pages={229-233}, 
		ISSN={1550-6037}, 
		month={July},
}

%concentric radviz
@inproceedings{ono2015cradviz,
   author={Ono, Jorge Henrique Piazentin and Sikansi, Fabio and Correa, Debora Cristina and Paulovich, Fernando Vieira and Paiva, Afonso and Nonato, Luis Gustavo}, 
   booktitle={Sibgrapi - Conference on Graphics, Patterns and Images},
   title={Concentric RadViz: Visual Exploration of Multi-task Classification},
   year={2015},
   pages={165--172}, 
 }
%Star Coordinates
@INPROCEEDINGS{kandogan:2000:starcoordinates,
    author = {Eser Kandogan},
    title = {Star Coordinates: A Multi-dimensional Visualization Technique with Uniform Treatment of Dimensions},
    booktitle = {In Proceedings of the IEEE Information Visualization Symposium, Late Breaking Hot Topics},
    year = {2000},
    pages = {9--12}
}


%Ortographic Star Coordinates
@article{lehmann:2013:osc,
 author = {Lehmann, Dirk J. and Theisel, Holger},
 title = {Orthographic Star Coordinates},
 journal = {IEEE Transactions on Visualization and Computer Graphics},
 issue_date = {December 2013},
 volume = {19},
 number = {12},
 month = dec,
 year = {2013},
 issn = {1077-2626},
 pages = {2615--2624},
 numpages = {10},
 acmid = {2553776},
 publisher = {IEEE Educational Activities Department},
 address = {Piscataway, NJ, USA},
}

@INPROCEEDINGS{yang:2008:scMultivariate, 
	author={Yang Sun and Jinping Yuan and Yanli Hu and Weidong Xiao}, 
	booktitle={Information and Automation, 2008. ICIA 2008. International Conference on}, 
	title={An improved multivariate data visualization technique}, 
	year={2008}, 
	pages={1525-1530}, 
	month={June}
}

% ------------============================================================================tabla de tecnicas radiales---------------------------------------------------------
@INPROCEEDINGS{Jankun:2003:MoireGraphs, 
author={Jankun-Kelly, T.J. and Kwan-Liu Ma}, 
booktitle={Information Visualization, 2003. INFOVIS 2003. IEEE Symposium on}, 
title={MoireGraphs: radial focus+context visualization and interaction for graphs with visual nodes}, 
year={2003}, 
pages={59-66}, 
doi={10.1109/INFVIS.2003.1249009}, 
month={Oct},}

@inproceedings{Lamping:1995:FTB,
 author = {Lamping, John and Rao, Ramana and Pirolli, Peter},
 title = {A Focus+Context Technique Based on Hyperbolic Geometry for Visualizing Large Hierarchies},
 booktitle = {Proceedings of the SIGCHI Conference on Human Factors in Computing Systems},
 series = {CHI '95},
 year = {1995},
 isbn = {0-201-84705-1},
 location = {Denver, Colorado, USA},
 pages = {401--408},
 numpages = {8},
 url = {http://dx.doi.org/10.1145/223904.223956},
 doi = {10.1145/223904.223956},
 acmid = {223956},
 publisher = {ACM Press/Addison-Wesley Publishing Co.},
 address = {New York, NY, USA},
} 


@inproceedings{havre2001interactive,
  title={Interactive visualization of multiple query results},
  author={Havre, Susan and Hetzler, Elizabeth and Perrine, Ken and Jurrus, Elizabeth and Miller, Nancy},
  booktitle={infovis},
  pages={105},
  year={2001},
  organization={IEEE}
}

@book{spence2001information,
  title={Information visualization},
  author={Spence, Robert},
  volume={1},
  year={2001},
  publisher={Springer}
}
%concentric
@inproceedings{cugini1996interactive,
  title={Interactive 3D visualization for document retrieval},
  author={Cugini, John and Piatko, Christine and Laskowski, Sharon},
  booktitle={Proceedings of the Workshop on New Paradigms in Information Visualization and Manipulation at CIKM (Rockville, Maryland, USA},
  year={1996}
}

@inproceedings{keim2006monitoring,
  title={Monitoring network traffic with radial traffic analyzer},
  author={Keim, Daniel and Mansmann, Florian and Schneidewind, Jorn and Schreck, Tobias and others},
  booktitle={Visual Analytics Science And Technology, 2006 IEEE Symposium On},
  pages={123--128},
  year={2006},
  organization={IEEE}
}

@inproceedings{yang2002interring,
  title={Interring: An interactive tool for visually navigating and manipulating hierarchical structures},
  author={Yang, Jing and Ward, Matthew O and Rundensteiner, Elke and others},
  booktitle={Information Visualization, 2002. INFOVIS 2002. IEEE Symposium on},
  pages={77--84},
  year={2002},
  organization={IEEE}
}

@inproceedings{Carlis:1998:IVS,
 author = {Carlis, John V. and Konstan, Joseph A.},
 title = {Interactive Visualization of Serial Periodic Data},
 booktitle = {Proceedings of the 11th Annual ACM Symposium on User Interface Software and Technology},
 series = {UIST '98},
 year = {1998},
 isbn = {1-58113-034-1},
 location = {San Francisco, California, USA},
 pages = {29--38},
 numpages = {10},
 url = {http://doi.acm.org/10.1145/288392.288399},
 doi = {10.1145/288392.288399},
 acmid = {288399},
 publisher = {ACM},
 address = {New York, NY, USA},
 keywords = {data visualization, information visualization, interactive data exploration, serial periodic data, spiral},
} 


@inproceedings{van2003bubbleworld,
  title={Bubbleworld: a new visual information retrieval technique},
  author={Van Berendonck, Christopher and Jacobs, Timothy},
  booktitle={Proceedings of the Asia-Pacific symposium on Information visualisation-Volume 24},
  pages={47--56},
  year={2003},
  organization={Australian Computer Society, Inc.}
}

@inproceedings{dragicevic2002spiraclock,
  title={SpiraClock: a continuous and non-intrusive display for upcoming events},
  author={Dragicevic, Pierre and Huot, St{\'e}phane},
  booktitle={CHI'02 extended abstracts on Human factors in computing systems},
  pages={604--605},
  year={2002},
  organization={ACM}
}

@inproceedings{weber2001visualizing,
  title={Visualizing time-series on spirals},
  author={Weber, Marc and Alexa, Marc and M{\"u}ller, Wolfgang},
  booktitle={Infovis},
  pages={7},
  year={2001},
  organization={IEEE}
}

@article{hong2003zoomology,
  title={Zoomology: comparing two large hierarchical trees},
  author={Hong, Jin Young and D’Andries, Jonathan and Richman, Mark and Westfall, Maryann},
  journal={Posters Compendium of Information Visualization},
  pages={120--121},
  year={2003},
  publisher={Citeseer}
}
@inproceedings{mohammadi2005moiretrees,
  title={MoireTrees: visualization and interaction for multi-hierarchical data},
  author={Mohammadi-Aragh, Mahnas Jean and Jankun-Kelly, TJ},
  booktitle={Proceedings of the Seventh Joint Eurographics/IEEE VGTC conference on Visualization},
  pages={231--238},
  year={2005},
  organization={Eurographics Association}
}

@inproceedings{livnat2005visualization,
  title={A visualization paradigm for network intrusion detection},
  author={Livnat, Yarden and Agutter, Jim and Moon, Sham and Erbacher, Robert F and Foresti, Stefano},
  booktitle={Information Assurance Workshop, 2005. IAW'05. Proceedings from the Sixth Annual IEEE SMC},
  pages={92--99},
  year={2005},
  organization={IEEE}
}

@incollection{salton1996automatic,
  title={Automatic analysis, theme generation, and summarization of machine-readable texts},
  author={Salton, Gerard and Allan, James and Buckley, Chris and Singhal, Amit},
  booktitle={Information retrieval and hypertext},
  pages={51--73},
  year={1996},
  publisher={Springer}
}

@inproceedings{brewer2000collaborative,
  title={Collaborative geographic visualization: Enabling shared understanding of environmental processes},
  author={Brewer, Isaac and MacEachren, Alan M and Abdo, Hadi and Gundrum, Jack and Otto, George},
  booktitle={Information Visualization, 2000. InfoVis 2000. IEEE Symposium on},
  pages={137--141},
  year={2000},
  organization={IEEE}
}

@article{draper2008votes,
  title={Who votes for what? a visual query language for opinion data},
  author={Draper, Geoffrey M and Riesenfeld, Richard F},
  journal={Visualization and Computer Graphics, IEEE Transactions on},
  volume={14},
  number={6},
  pages={1197--1204},
  year={2008},
  publisher={IEEE}
}

@inproceedings{suntinger2008event,
  title={The event tunnel: Interactive visualization of complex event streams for business process pattern analysis},
  author={Suntinger, Martin and Obweger, Hannes and Schiefer, Josef and Gr{\"o}ller, M Eduard},
  booktitle={Visualization Symposium, 2008. PacificVIS'08. IEEE Pacific},
  pages={111--118},
  year={2008},
  organization={IEEE}
}

% ------------============================================================================tabla de tecnicas radiales---------------------------------------------------------
